@online{generic-operators,
  author       = {Harold Abelson},
  title        = {Lecture 4B: Generic Operators},
  howpublished = {MIT 6.001 Structure and Interpretation of Computer Programs, Spring 1986},
  url          = {https://www.youtube.com/watch?v=OscT4N2qq7o},
  note         = {Acessado em 25 de mar. de 2024.}
}

@book{programming-in-lua,
  author  = {Ierusalimschy, Roberto},
  title   = {Programming in Lua},
  year    = {2003},
  isbn    = {9788590379812},
  edition = {4}
}

@book{sicp,
  author    = {Abelson, Harold and Sussman, Gerald Jay},
  title     = {Structure and Interpretation of Computer Programs},
  publisher = {The MIT Press},
  year      = {1984},
  isbn      = {9780262010771},
  address   = {Cambridge, Massachusetts}
}

@online{programs-that-are-dead-ends,
  author        = {Gerald Jay Sussman},
  title         = {Flexible Systems, The Power of Generic Operations},
  howpublished  = {NYC Lisp Meetup, Winter 2016},
  url           = {https://www.youtube.com/watch?v=cblhgNUoX9M},
  note          = {Timestamp 2:20}
}

@article{epigrams-on-programming,
  author        = {Perlis, A. J.},
  title         = {Epigrams on Programming},
  journal       = {ACM SIGPLAN Notices},
  volume        = {17},
  number        = {9},
  pages         = {7--13},
  year          = {1982},
  month         = {9},
  publisher     = {Association for Computing Machinery},
  address       = {New York, NY, USA},
  doi           = {10.1145/947955.1083808},
}